<?xml version="1.0" encoding="UTF-8"?><record xmlns="http://www.loc.gov/MARC21/slim" xmlns:cinclude="http://apache.org/cocoon/include/1.0" xmlns:zs="http://www.loc.gov/zing/srw/">
  <leader>00381nz  a2200133n  4500</leader>
  <controlfield tag="001">no2011091374</controlfield>
  <controlfield tag="003">DLC</controlfield>
  <controlfield tag="005">20110615075216.0</controlfield>
  <controlfield tag="008">110613n| acannaabn          |n aaa     c</controlfield>
  <datafield tag="010" ind1=" " ind2=" ">
    <subfield code="a">no2011091374</subfield>
  </datafield>
  <datafield tag="035" ind1=" " ind2=" ">
    <subfield code="a">(OCoLC)oca08885348</subfield>
  </datafield>
  <datafield tag="040" ind1=" " ind2=" ">
    <subfield code="a">NbOU</subfield>
    <subfield code="b">eng</subfield>
    <subfield code="c">NbOU</subfield>
  </datafield>
  <datafield tag="100" ind1="1" ind2=" ">
    <subfield code="a">Helal, Isabelle Solon</subfield>
  </datafield>
  <datafield tag="670" ind1=" " ind2=" ">
    <subfield code="a">At the cross-roads of conflict and democracy, 2004 :</subfield>
    <subfield code="b">t.p. (Isabelle Solon Helal)</subfield>
  </datafield>
</record>